<record><leader>00000cas a22000007a 4500</leader><controlfield tag="001">37280925</controlfield><controlfield tag="008">970711d19161918okuwr n       0    0eng d</controlfield><datafield ind1=" " ind2=" " tag="010"><subfield code="a">sn 97070047 </subfield></datafield><datafield ind1=" " ind2=" " tag="040"><subfield code="a">OBN</subfield><subfield code="b">eng</subfield><subfield code="c">OBN</subfield><subfield code="d">OCLCQ</subfield><subfield code="d">OCLCO</subfield></datafield><datafield ind1="1" ind2=" " tag="029"><subfield code="a">AU@</subfield><subfield code="b">000013335609</subfield></datafield><datafield ind1=" " ind2=" " tag="042"><subfield code="a">msc</subfield></datafield><datafield ind1=" " ind2=" " tag="043"><subfield code="a">n-us-ok</subfield></datafield><datafield ind1="0" ind2="4" tag="245"><subfield code="a">The Quinton times and the Quinton pioneer.</subfield></datafield><datafield ind1="3" ind2=" " tag="246"><subfield code="a">Times</subfield></datafield><datafield ind1=" " ind2=" " tag="260"><subfield code="a">Quinton, Pittsburg County, Okla. :</subfield><subfield code="b">Henry M. Butler</subfield></datafield><datafield ind1=" " ind2=" " tag="300"><subfield code="a">v.</subfield></datafield><datafield ind1=" " ind2=" " tag="310"><subfield code="a">Weekly</subfield></datafield><datafield ind1="0" ind2=" " tag="362"><subfield code="a">Vol. 5, no. 9 (Sep. 1, 1916)-v. 7, no. 10 (Sep. 6, 1918).</subfield></datafield><datafield ind1=" " ind2="0" tag="651"><subfield code="a">Quinton (Okla.)</subfield><subfield code="v">Newspapers.</subfield></datafield><datafield ind1=" " ind2="0" tag="651"><subfield code="a">Pittsburg County (Okla.)</subfield><subfield code="v">Newspapers.</subfield></datafield><datafield ind1=" " ind2=" " tag="752"><subfield code="a">United States</subfield><subfield code="b">Oklahoma</subfield><subfield code="c">Pittsburg</subfield><subfield code="d">Quinton.</subfield></datafield><datafield ind1="0" ind2="4" tag="780"><subfield code="t">Quinton times (Quinton, Okla. : 1913)</subfield><subfield code="w">(DLC)sn 97070045</subfield><subfield code="w">(OCoLC)37280879</subfield></datafield><datafield ind1="0" ind2="4" tag="780"><subfield code="t">Quinton pioneer</subfield><subfield code="w">(DLC)sn 97070046</subfield><subfield code="w">(OCoLC)37280901</subfield></datafield><datafield ind1="0" ind2="0" tag="785"><subfield code="t">Quinton times (Quinton, Okla. : 1918)</subfield><subfield code="w">(DLC)sn 97070048</subfield><subfield code="w">(OCoLC)37280955</subfield></datafield></record>